@book{alarconaldanaMetodologiaParaDesarrollo2020,
  title = {Metodologia para el desarrollo colaborativo de videojuegos},
  author = {Alarcon Aldana, Andrea Catherine and Callejas Cuervo, Mauro},
  date = {2020},
  publisher = {Editorial UPTC},
  url = {https://elibro.net/es/lc/siduncu/titulos/193940},
  isbn = {978-958-660-369-0},
  langid = {spanish},
  pagetotal = {76}
}

@article{aleemGameDevelopmentSoftware2016,
  title = {Game Development Software Engineering Process Life Cycle: A Systematic Review},
  shorttitle = {Game Development Software Engineering Process Life Cycle},
  author = {Aleem, Saiqa and Capretz, Luiz Fernando and Ahmed, Faheem},
  date = {2016-12},
  journaltitle = {Journal of Software Engineering Research and Development},
  shortjournal = {J Softw Eng Res Dev},
  volume = {4},
  number = {1},
  pages = {6},
  issn = {2195-1721},
  doi = {10.1186/s40411-016-0032-7},
  url = {http://jserd.springeropen.com/articles/10.1186/s40411-016-0032-7},
  urldate = {2025-03-12},
  langid = {english},
  file = {C:\Users\rulo\Zotero\storage\6XWGZ6D2\Aleem et al. - 2016 - Game development software engineering process life cycle a systematic review.pdf}
}

@book{andersonProductionPointHow2023,
  title = {Production {{Point}}: {{How}} to {{Plan}} and {{Finish Your Game}} as a {{Solo Developer}}},
  author = {Anderson, Benjamin},
  date = {2023-08-04},
  langid = {english},
  pagetotal = {185}
}

@article{bartoszScrumVideoGames2023,
  title = {Scrum in Video Games Development – {{Literature}} Review},
  author = {Bartosz, Pałka},
  date = {2023},
  volume = {17},
  number = {1},
  url = {https://www.bpastudies.org/index.php/bpastudies/article/view/271}
}

@book{belliniIndustrialRelationsCreative2018,
  title = {Industrial Relations and Creative Workers. {{Overall}} Report},
  author = {Bellini, Andrea and Burroni, Luigi and Dorigatti, Lisa and Gherardini, Alberto and Manzo, Cecilia},
  date = {2018-03-31}
}

@report{buijsmanGlobalGamesMarket2024,
  title = {Global {{Games Market Report}} 2024},
  author = {Buijsman, Michiel and Gu, Tianyi and Kuzuhara, Tomofumi and Wagner, Michael and Hunt, Brett and Reis, Tiago and Brennan, Devan and Simon, Lester Isaac and Georgiou, Spyros and Nguyen, Ngoc Linh and Vidal, Alejandro Marin},
  date = {2024-08}
}

@book{canosaferreiroSCRUMTeoriaImplementacion2024,
  title = {SCRUM: teoría e Implementación práctica},
  shorttitle = {SCRUM},
  author = {Canosa Ferreiro, Alejandro J.},
  date = {2024},
  publisher = {Ra-Ma},
  location = {Paracuellos de Jamara, Madrid, [España]},
  abstract = {Esta obra es una guía esencial para aprender a implementar Scrum de forma ágil y práctica. A través de ejemplos claros y consejos prácticos, el autor explora los principios fundamentales de Scrum, desde la planificación de sprints hasta la integración continua.\_x000D\_ \_x000D\_De forma clara y didáctica este libro te ayuda a comprender cómo Scrum puede transformar tus proyectos y tu forma de trabajar. Es una obra fundamental para responsables de equipo, desarrolladores y cualquier persona interesada en metodologías ágiles.\_x000D\_ El libro se divide en tres partes:\_x000D\_ \_x000D\_Los primeros cinco temas tratan sobre los conceptos fundamentales del QA o aseguramiento de calidad y te ayuda a prepararte para el certificado ISTQB, y también para utilizarlo de base en cualquier asignatura de esta materia en un ciclo o grado.\_x000D\_ \_x000D\_Los temas del seis al nueve te preparan para los certificados Scrum Master y Product Owner y también puede utilizarse en cualquier asignatura relacionada con desarrollo con metodologías agiles.\_x000D\_ Los temas del diez al catorce desarrollan prácticas y conceptos fundamentales de la automatización de pruebas y DevOps.\_x000D\_ \_x000D\_El libro contiene numerosos ejemplos prácticos para que la asimilación de los conceptos desarrollados sea sencilla que podrás descargar en este ENLACE.\_x000D\_},
  isbn = {978-84-10181-38-0},
  langid = {spanish},
  annotation = {OCLC: 1450885233}
}

@online{CaptureOrganizeTackle,
  title = {Capture, Organize, and Tackle Your to-Dos from Anywhere | {{Trello}}},
  url = {https://trello.com/},
  urldate = {2025-06-24},
  file = {C:\Users\rulo\Zotero\storage\NGY53XSD\trello.com.html}
}

@online{crecenteHeresOnedev8month2015,
  title = {Here’s the One-Dev, 8-Month, ‘Gunboot’ Game That Won over {{PAX East}}},
  author = {Crecente, Brian},
  date = {2015-03-23T13:30:02+00:00},
  url = {https://www.polygon.com/2015/3/23/8267377/downwell-indie-game-pax-east-2015},
  urldate = {2025-06-23},
  abstract = {Your source for the latest in video games, sci-fi, fantasy, tabletop games, anime, horror, books, and comics.},
  langid = {american},
  organization = {Polygon},
  file = {C:\Users\rulo\Zotero\storage\EQFW4DKB\downwell-indie-game-pax-east-2015.html}
}

@article{cynthiachizobaekechiEnhancingAgileProduct2024,
  title = {Enhancing Agile Product Development with Scrum Methodologies: {{A}} Detailed Exploration of Implementation Practices and Benefits},
  shorttitle = {Enhancing Agile Product Development with Scrum Methodologies},
  author = {{Cynthia Chizoba Ekechi} and {Chukwuekem David Okeke} and {Henry Ejiga Adama}},
  date = {2024-05-05},
  journaltitle = {Engineering Science \& Technology Journal},
  shortjournal = {Eng. sci. technol. j.},
  volume = {5},
  number = {5},
  pages = {1542--1570},
  issn = {2708-8952, 2708-8944},
  doi = {10.51594/estj.v5i5.1108},
  url = {https://fepbl.com/index.php/estj/article/view/1108},
  urldate = {2025-01-12},
  abstract = {This study conducts a systematic literature review to examine the implementation, challenges, and ongoing evolution of Scrum methodologies within Agile product development frameworks. Aimed at understanding how Scrum can be effectively tailored to meet the needs of diverse organizational contexts, especially in scenarios involving remote and distributed teams, the research also seeks to uncover the trajectory of Agile practices' continuous evolution. Employing a rigorous methodology, the review analyzed peer-reviewed articles and conference papers from key academic databases, including IEEE Xplore, ACM Digital Library, and Scopus, published between 2013 and 2024. The selection was based on relevance to Scrum practices, empirical evidence, and theoretical contributions to the field of Agile development. Key insights from the study underscore the critical role of Scrum in enhancing collaboration, flexibility, and responsiveness in product development processes. Challenges identified include the necessity of overcoming organizational resistance and the importance of customizing Scrum practices to align with specific project and team dynamics. Notably, the research highlights Scrum's adaptability in supporting distributed teams through strategic communication and trust-building measures. Furthermore, the study points to the integration of Scrum with DevOps and its application beyond software development as indicators of its evolutionary potential within Agile methodologies. Finally, the study offers strategic recommendations for organizations adopting Scrum, emphasizing cultural adaptation, continuous training, and practice customization. It also suggests avenues for future research, particularly in exploring Scrum's integration with emerging technologies and broader industry applications, contributing valuable insights into enhancing Agile product development efficacy through Scrum methodologies.  Keywords: Scrum Methodologies, Agile Product Development, Distributed Teams, Continuous Evolution.},
  file = {C:\Users\rulo\Zotero\storage\SPRMKHYL\Cynthia Chizoba Ekechi et al. - 2024 - Enhancing agile product development with scrum methodologies A detailed exploration of implementati.pdf}
}

@unpublished{delaiglesiaObservatorioIndustriaArgentina2024,
  title = {Observatorio de La Industria Argentina de Videojuegos: {{Informe}} 2024},
  author = {De la Iglesia, Guadalupe and Rossi, Andrés and Fole, Florencia and Martín, Miguel and Bruno, Jimena},
  date = {2024},
  url = {https://www.unraf.edu.ar/images/INFORME2024.pdf}
}

@online{DontKillRumble,
  title = {Don't Kill Rumble en Steam},
  url = {https://store.steampowered.com/app/2146310/Dont_Kill_Rumble/},
  urldate = {2025-03-19},
  abstract = {Don't Kill Rumble, a relentless multiplayer king of the hill rumble with frentic levels, waky customizable characters and grim enemies. Do you have what it takes to be the next champion? Let's go!},
  langid = {spanish},
  file = {C:\Users\rulo\Zotero\storage\Q6SJ2Q2C\Dont_Kill_Rumble.html}
}

@online{DownwellSteam,
  title = {Downwell en Steam},
  url = {https://store.steampowered.com/app/360740/Downwell/},
  urldate = {2025-06-23},
  abstract = {Downwell is a curious game about a young person venturing down a well in search of untold treasures with only his Gunboots to protect him.},
  langid = {spanish},
  file = {C:\Users\rulo\Zotero\storage\3R7V838D\Downwell.html}
}

@article{dwivediComparativeStudyVarious2022,
  title = {A {{Comparative Study}} of {{Various Software Development Life Cycle}} ({{SDLC}}) {{Models}}},
  author = {Dwivedi, Neha and Katiyar, Devesh and Goel, Gaurav},
  date = {2022-03-31},
  journaltitle = {International Journal of Research in Engineering, Science and Management},
  shortjournal = {IJRESM},
  volume = {5},
  number = {3},
  pages = {141--144},
  url = {https://journal.ijresm.com/index.php/ijresm/article/view/1881},
  urldate = {2025-02-09},
  abstract = {In the software industry, the software development life cycle (SDLC) is used to design, develop, and produce high-quality, dependable, cost-effective, and on-time software products. This is also known as a model of the software development process. There are several SDLC process models to choose from. In this work, I've attempted to define various SDLC models in terms of their greatest applications. There have been numerous papers written in this area. In this work, I shall also make advantage of their information or findings. The major goal of this paper is to explain some of the most prominent SDLC models, such as Waterfall, Iterative, Spiral, V-Model, Big Bang, Agile, Rapid Application Development Model, and Software Prototype. The major goal of this paper is to describe the benefits and drawbacks of each option.},
  keywords = {⛔ No DOI found}
}

@book{ewingSoloEntrepreneurshipVideo2022,
  title = {Solo {{Entrepreneurship}} in the {{Video Game Industry}}: {{What Is}} the {{Best Growth Strategy}} for {{Stardew Valley After Early Success}}?},
  shorttitle = {Solo {{Entrepreneurship}} in the {{Video Game Industry}}},
  author = {Ewing, Douglas},
  date = {2022},
  publisher = {SAGE Publications: SAGE Business Cases Originals},
  location = {1 Oliver's Yard,~55 City Road,~London~EC1Y 1SP~United Kingdom},
  doi = {10.4135/9781529797015},
  url = {https://sk.sagepub.com/cases/entrepreneurship-video-game-industry-growth-strategy-stardew-valley},
  urldate = {2025-03-24},
  isbn = {978-1-5297-9701-5}
}

@article{excelgchukwurahELEVATINGTEAMPERFORMANCE2024,
  title = {{{ELEVATING TEAM PERFORMANCE WITH SCRUM}}: {{INSIGHTS FROM SUCCESSFUL U}}.{{S}}. {{TECHNOLOGY COMPANIES}}},
  shorttitle = {{{ELEVATING TEAM PERFORMANCE WITH SCRUM}}},
  author = {{Excel G Chukwurah} and {Samuel Aderemi}},
  date = {2024-04-17},
  journaltitle = {Engineering Science \& Technology Journal},
  shortjournal = {Eng. sci. technol. j.},
  volume = {5},
  number = {4},
  pages = {1357--1371},
  issn = {2708-8952, 2708-8944},
  doi = {10.51594/estj.v5i4.1038},
  url = {https://fepbl.com/index.php/estj/article/view/1038},
  urldate = {2025-01-12},
  abstract = {Scrum, a popular Agile framework, has been widely adopted by U.S. technology companies to enhance team performance and deliver high-quality products efficiently. This review explores how successful U.S. technology companies leverage Scrum to elevate team performance, drive innovation, and achieve business objectives. Key insights from these companies reveal the transformative impact of Scrum on team dynamics, collaboration, and product delivery. By embracing Scrum principles, such as iterative development, self-organization, and continuous improvement, these companies have been able to overcome challenges, adapt to changing market demands, and deliver value to customers. Through case studies and real-world examples, this review highlights the strategies and practices that have contributed to the success of U.S. technology companies using Scrum. These include establishing cross-functional teams, empowering team members to make decisions, and fostering a culture of transparency and accountability. Furthermore, this Review discusses the role of leadership in supporting and enabling Scrum teams. Effective leadership is crucial for setting clear goals, removing obstacles, and creating an environment that fosters innovation and collaboration. Overall, this review provides valuable insights into how Scrum can be used to elevate team performance in U.S. technology companies. By adopting Scrum principles and practices, companies can improve their ability to respond to market changes, deliver products faster, and ultimately achieve greater success in today's competitive landscape.  Keywords: Elevating, Team Performance, Scrum, Technology Companies, Insights.},
  file = {C:\Users\rulo\Zotero\storage\JNRIFW3Y\Excel G Chukwurah and Samuel Aderemi - 2024 - ELEVATING TEAM PERFORMANCE WITH SCRUM INSIGHTS FROM SUCCESSFUL U.S. TECHNOLOGY COMPANIES.pdf}
}

@online{Flashback2008Making,
  title = {Flashback 2008: {{Making World}} of {{Goo}}, an All-Time Indie Darling},
  shorttitle = {Flashback 2008},
  url = {https://www.gamedeveloper.com/design/making-world-of-goo-an-all-time-indie-darling},
  urldate = {2025-06-23},
  abstract = {How 2DBoy created 2008 indie darling World of Goo, with a little illumination from WiiWare and Steam.},
  langid = {english},
  file = {C:\Users\rulo\Zotero\storage\TNBNKV5K\making-world-of-goo-an-all-time-indie-darling.html}
}

@book{fullertonGameDesignWorkshop2008,
  title = {Game Design Workshop: A Playcentric Approach to Creating Innovative Games},
  shorttitle = {Game Design Workshop},
  author = {Fullerton, Tracy and Swain, Christopher and Hoffman, Steven},
  date = {2008},
  edition = {2nd ed},
  publisher = {Elsevier Morgan Kaufmann},
  location = {Amsterdam ; Boston},
  isbn = {978-0-240-80974-8},
  pagetotal = {470},
  keywords = {Computer graphics,Design,Programming,Video games},
  annotation = {OCLC: ocn173659700}
}

@article{gaeteEnfoqueAplicacionAgil2021,
  title = {Enfoque de Aplicación Ágil Con {{Serum}}, {{Lean}} y {{Kanban}}},
  author = {Gaete, José and Villarroe, Rodolfo and Figueroa, Ismael and Cornide-Reyes, Héctor and Muñoz, Roberto},
  date = {2021-03},
  journaltitle = {Ingeniare. Revista chilena de ingeniería},
  shortjournal = {Ingeniare. Rev. chil. ing.},
  volume = {29},
  number = {1},
  pages = {141--157},
  issn = {0718-3305},
  doi = {10.4067/S0718-33052021000100141},
  url = {http://www.scielo.cl/scielo.php?script=sci_arttext&pid=S0718-33052021000100141&lng=en&nrm=iso&tlng=en},
  urldate = {2025-03-03},
  langid = {english},
  file = {C:\Users\rulo\Zotero\storage\YSYZFZYC\Gaete et al. - 2021 - Enfoque de aplicación ágil con Serum, Lean y Kanban.pdf}
}

@video{gamedevelopersconferenceCraftingTinyOpen2020,
  entrysubtype = {video},
  title = {Crafting {{A Tiny Open World}}: {{A Short Hike Postmortem}}},
  shorttitle = {Crafting {{A Tiny Open World}}},
  editor = {{Game Developers Conference}},
  editortype = {director},
  date = {2020-03-27},
  url = {https://www.youtube.com/watch?v=ZW8gWgpptI8},
  urldate = {2025-06-18},
  abstract = {In this 2020 GDC Virtual Talk, Adam Robinson-Yu talks about how he decided to put a major project on the back burner in favour of a new prototype, which ultimately became A Short Hike}
}

@video{gamedevelopersconferenceLettingGoFlorence2019,
  entrysubtype = {video},
  title = {Letting {{Go}}: {{A Florence Postmortem}}},
  shorttitle = {Letting {{Go}}},
  editor = {{Game Developers Conference}},
  editortype = {director},
  date = {2019-07-16},
  url = {https://www.youtube.com/watch?v=MhI03UIT70c},
  urldate = {2025-06-18},
  abstract = {In this 2019 GDC session, Mountains' Ken Wong discusses the journey of designing Florence, covering the game's inception and turbulent design evolution, and how the game achieved its emotional resonance.}
}

@online{GameWeekGetting,
  title = {Game {{A Week}}: {{Getting Experienced At Failure}}},
  shorttitle = {Game {{A Week}}},
  url = {https://www.gamedeveloper.com/audio/game-a-week-getting-experienced-at-failure},
  urldate = {2025-06-23},
  abstract = {Vlambeers' Rami Ismail talks about gaining experience when you're starting out as a developer. His recommended challenge, “Game a Week” sits somewhere between the amazing \#1GAM that inspired it and game jams.},
  langid = {english},
  file = {C:\Users\rulo\Zotero\storage\LDTYE6TG\game-a-week-getting-experienced-at-failure.html}
}

@online{GameWeekTeaching,
  title = {Game a {{Week}}: {{Teaching Students}} to {{Prototype}} - {{YouTube}}},
  url = {https://www.youtube.com/watch?v=9O9Q8OVWrFA},
  urldate = {2025-06-23},
  file = {C:\Users\rulo\Zotero\storage\74LN96G3\watch.html}
}

@book{garciaariasDesarrolloVideojuegosDesde2019,
  title = {Desarrollo de videojuegos: desde el diseno a la comercializacion},
  author = {Garcia Arias, Nelson Mauricio and Moreno Salamanca, Yohiner},
  date = {2019},
  publisher = {Ediciones de la U},
  url = {https://elibro.net/es/lc/siduncu/titulos/127124},
  abstract = {La industria de los juegos crece cada dia, y mucho mas con la llegada de los smartphone, asi mismo, las herramientas para su desarrollo cada vez son mas accesibles por cualquier persona lo que ha impulsado a una gran cantidad de entusiastas y estudios Indie a desarrollar sus propios productos. Este libro busca enfocar a quienes desean entrar al mundo del desarrollo de videojuegos, ofreciendo un panorama general de la industria, una guia basica que marca desde la concepcion de una idea, pasando por definirla y pulirla hasta convertirla en un producto realizable. - En que plataformas deberia estar el juego? - Como crear un personaje principal agradable? - Como contar una historia interesante? - Como hacer nuestro juego divertido? - Como y donde comercializar el juego? Es cierto que la practica es la que hace al maestro, pero contar con una guia puede impulsar mucho mas el aprendizaje y evitar caer en cliches y errores muy comunes al momento de iniciar en esta industria. Se debe realizar un juego por pasion o como negocio? Analizaremos ambos aspectos y encontraremos las opciones que generan un equilibrio entre ambos, que, aunque no augure que nuestro juego sea un completo exito, si mejorara mucho nuestras posibilidades.},
  isbn = {978-958-792-099-4},
  langid = {spanish},
  pagetotal = {195}
}

@video{globalgamejamGlobalGameJam2025,
  entrysubtype = {video},
  title = {Global {{Game Jam}} 2025 {{Keynote}} and {{Theme Reveal}}},
  editor = {{GlobalGameJam}},
  editortype = {director},
  date = {2025},
  url = {https://www.youtube.com/watch?v=wJhQ9Z4MCM4},
  urldate = {2025-06-23},
  abstract = {The moment has arrived! We are honored, thrilled, and excited to share with you the 2025 Keynote Address for Global Game Jam.  We want to extend a massive thank you to our sponsors, board of directors, and the volunteers who all}
}

@report{gonzalez-pineroRedefiningValueChain2017,
  title = {Redefining the Value Chain of the Video Games Industry 2017},
  author = {González-Piñero, Manel},
  date = {2017},
  isbn = {978-82-93482-13-0}
}

@online{gujarathiSpiralDevelopmentNonSoftware2024,
  title = {Spiral {{Development}} for {{Non-Software Product}} and {{System Engineering}}},
  author = {Gujarathi, Isha Amod and Norris, William R and Patterson, Albert},
  date = {2024-03-04},
  eprinttype = {Preprints},
  doi = {10.36227/techrxiv.170956742.29245899/v1},
  url = {https://www.techrxiv.org/users/749148/articles/720466-spiral-development-for-non-software-product-and-system-engineering?commit=9652d4f97492ec79203b307bb1b4b6271236e7de},
  urldate = {2025-02-09},
  abstract = {This article explored the spiral development process, sometimes called ”evolutionary acquisition” in military sectors, and reviewed major non-software applications in the engineering literature. The spiral development process was originally developed for the design of software while minimizing and managing risk, but the principles can be applied to a wide variety of systems engineering problems where risk management is a priority. The major application domains discussed in this review were product design and development, robotics, agriculture and construction systems, product-service and human-technology systems, medical systems and devices, military and aerospace systems, and data management, enterprise systems, and information technology systems. This exploration and accompanying discussion is useful for system designers, systems engineering educators, and other major stakeholders as it shows successful applications in a wide variety of non-software technology sectors and provides guidance for application in new areas. Several new and expanded application sectors were identified during the review.},
  pubstate = {prepublished},
  file = {C:\Users\rulo\Zotero\storage\YG6R9334\Gujarathi et al. - 2024 - Spiral Development for Non-Software Product and System Engineering.pdf}
}

@article{harmanDevelopmentMethodologiesGame2023,
  title = {Development {{Methodologies}} in the {{Game Development Industry}}},
  author = {Harman, Aaron},
  date = {2023-05}
}

@book{HawaiiInternationalConference2020,
  title = {Hawaii {{International Conference}} on {{System Sciences}} 2020},
  date = {2020},
  publisher = {ScholarSpace},
  location = {Honolulu, Hawaii},
  eventtitle = {Hawaii {{International Conference}} on {{System Sciences}}},
  isbn = {978-0-9981331-3-3},
  langid = {english}
}

@online{InterviewGrayGabler,
  title = {Interview: {{Gray}}, {{Gabler On Experimental Gameplay Project}}'s {{Return}}},
  shorttitle = {Interview},
  url = {https://www.gamedeveloper.com/game-platforms/interview-gray-gabler-on-experimental-gameplay-project-s-return},
  urldate = {2025-06-23},
  abstract = {The Experimental Gameplay Project, a key element in indie games' evolution, has returned, and Gamasutra speaks with co-founders Kyle Gray (Henry Hatsworth) and Kyle Gabler (World of Goo) about their plans.},
  langid = {english},
  file = {C:\Users\rulo\Zotero\storage\JDQEGT6V\interview-gray-gabler-on-experimental-gameplay-project-s-return.html}
}

@online{IntroductoryVideoSeries,
  title = {An {{Introductory Video Series}} to {{Scrum}} | {{Scrum}}.Org},
  url = {https://www.scrum.org/resources/introductory-video-series-scrum},
  urldate = {2025-01-08},
  abstract = {In this 18 part series of short Scrum Tapas videos, Professional Scrum Trainer Ryan Brook walks viewers through the Scrum Framework piece-by-piece, explaining each area and providing insights into how Scrum is used.},
  langid = {english},
  file = {C:\Users\rulo\Zotero\storage\ZP89V7TP\introductory-video-series-scrum.html}
}

@online{KanbanGoogleSheets,
  title = {Kanban Google Sheets - {{Buscar}} Con {{Google}}},
  url = {https://www.google.com/search?client=firefox-b-d&q=kanban+google+sheets},
  urldate = {2025-03-05},
  file = {C:\Users\rulo\Zotero\storage\53P7IAZ5\search.html}
}

@article{kellyDigitalSupplyChain2021,
  title = {Digital {{Supply Chain Management}} in the {{Videogames Industry}}: {{A Systematic Literature Review}}},
  shorttitle = {Digital {{Supply Chain Management}} in the {{Videogames Industry}}},
  author = {Kelly, Stephen and Klézl, Vojtech and Israilidis, John and Malone, Neil and Butler, Stuart},
  date = {2021-06},
  journaltitle = {The Computer Games Journal},
  shortjournal = {Comput Game J},
  volume = {10},
  number = {1--4},
  pages = {19--40},
  issn = {2052-773X},
  doi = {10.1007/s40869-020-00118-0},
  url = {https://link.springer.com/10.1007/s40869-020-00118-0},
  urldate = {2025-03-19},
  abstract = {Abstract             As industries mature, they rely more heavily on supply chain management (SCM) to ensure effective operations leading to greater levels of organisational performance. SCM has been widely covered in many industrial areas and, in line with other burgeoning sectors such as Tourism, an industry focus provides the opportunity to look in-depth at the context-based factors that affect SCM. Developments in digital distribution and rapid technological innovations have resulted in an increased focus on Digital Supply Chains (DSCs), which bring about significant changes to how consumers, customers, suppliers, and manufacturers interact, affecting supply chain design and processes. Through a systematic review of the Videogames Industry Supply Chain Management literature, which serves as a pertinent contextual example of a DSC, we look at how supply chains are affected by structural, market and technological change, such as increased platformisation, disintermediation and the proliferation of digital distribution. We distil these findings into a new research agenda, which identifies themes in line with extant DSC research, provides a series of relevant practice recommendations and identifies opportunities for future research.},
  langid = {english},
  file = {C:\Users\rulo\Zotero\storage\GJCI3CTL\Kelly et al. - 2021 - Digital Supply Chain Management in the Videogames Industry A Systematic Literature Review.pdf}
}

@book{kosterDisenoVideojuegosTeoria2023,
  title = {Diseño de Videojuegos: Una Teoría de la Diversión},
  shorttitle = {Diseño de Videojuegos},
  author = {Koster, Raph},
  date = {2023},
  series = {Diseño Web y Digital Ser},
  edition = {1st ed},
  publisher = {PARRAMóN PAIDOTRIBO},
  location = {Badalona},
  isbn = {978-84-342-6225-6},
  langid = {spanish},
  pagetotal = {1}
}

@book{koutonenHowAreAgile2013,
  title = {How {{Are Agile Methods}} and {{Practices Deployed}} in {{Video Game Development}}? {{A Survey}} into {{Finnish Game Studios}}},
  author = {Koutonen, Jussi and Leppänen, Mauri},
  date = {2013-06-03},
  pages = {149},
  doi = {10.1007/978-3-642-38314-4_10},
  isbn = {978-3-642-38313-7},
  pagetotal = {135}
}

@inproceedings{lahtiScrumButIndicatorProcess2022,
  title = {{{ScrumBut}} as an {{Indicator}} of {{Process Debt}}},
  booktitle = {2022 48th {{Euromicro Conference}} on {{Software Engineering}} and {{Advanced Applications}} ({{SEAA}})},
  author = {Lahti, Jacinto Ramirez and Tuovinen, Antti-Pekka and Mikkonen, Tommi and Capilla, Rafael},
  date = {2022-08},
  pages = {318--321},
  publisher = {IEEE},
  location = {Gran Canaria, Spain},
  doi = {10.1109/SEAA56994.2022.00057},
  url = {https://ieeexplore.ieee.org/document/10011516/},
  urldate = {2025-03-12},
  eventtitle = {2022 48th {{Euromicro Conference}} on {{Software Engineering}} and {{Advanced Applications}} ({{SEAA}})},
  isbn = {978-1-6654-6152-8}
}

@book{lemarchandPlayfulProductionProcess2021,
  title = {A Playful Production Process: For Game Designers (and Everyone)},
  shorttitle = {A Playful Production Process},
  author = {Lemarchand, Richard and Hennig, Amy},
  date = {2021},
  publisher = {The MIT Press},
  location = {Cambridge London},
  abstract = {"Authored by one of the most prominent game designers in the world, A Playful Production Process teaches people how to develop interactive media in a productive and healthy manner"--},
  isbn = {978-0-262-04551-3},
  langid = {english},
  pagetotal = {385},
  file = {C:\Users\rulo\Zotero\storage\LPH94BDI\Lemarchand and Hennig - 2021 - A playful production process for game designers (and everyone).pdf}
}

@inproceedings{mckenzieAgileNotAgile2021,
  title = {Is {{Agile Not Agile Enough}}? {{A Study}} on {{How Agile}} Is {{Applied}} and {{Misapplied}} in the {{Video Game Development Industry}}},
  shorttitle = {Is {{Agile Not Agile Enough}}?},
  booktitle = {2021 {{IEEE}}/{{ACM Joint}} 15th {{International Conference}} on {{Software}} and {{System Processes}} ({{ICSSP}}) and 16th {{ACM}}/{{IEEE International Conference}} on {{Global Software Engineering}} ({{ICGSE}})},
  author = {McKenzie, Tim and Morales-Trujillo, Miguel and Lukosch, Stephan and Hoermann, Simon},
  date = {2021-05},
  pages = {94--105},
  publisher = {IEEE},
  location = {Madrid, Spain},
  doi = {10.1109/ICSSP-ICGSE52873.2021.00019},
  url = {https://ieeexplore.ieee.org/document/9461025/},
  urldate = {2025-03-12},
  eventtitle = {2021 {{IEEE}}/{{ACM Joint}} 15th {{International Conference}} on {{Software}} and {{System Processes}} ({{ICSSP}}) and 16th {{ACM}}/{{IEEE International Conference}} on {{Global Software Engineering}} ({{ICGSE}})},
  isbn = {978-1-6654-1401-2}
}

@online{MLAgentsOverviewML,
  title = {{{ML-Agents Overview}} | {{ML Agents}} | 3.0.0},
  url = {https://docs.unity3d.com/Packages/com.unity.ml-agents@3.0/manual/index.html},
  urldate = {2025-03-05},
  file = {C:\Users\rulo\Zotero\storage\MBKGQQFC\index.html}
}

@book{montegalianoImplantarScrumCon2016,
  title = {Implantar scrum con éxito},
  author = {Monte Galiano, Josep},
  date = {2016},
  publisher = {Editorial UOC},
  location = {Barcelona},
  abstract = {Scrum persigue no solo obtener resultados, sino obtenerlos de forma que todo el mundo que participa en el proceso se sienta satisfecho. Para lograr este objetivo principal, Scrum propone una serie de premisas que son generales para el proyecto y para la gente que está implicada de una manera u otra y que hacen especial énfasis en el establecimiento de vías de comunicación eficientes},
  isbn = {978-84-9116-460-9},
  langid = {spanish},
  annotation = {OCLC: 972288940}
}

@online{PhaserFastFun,
  title = {Phaser - {{A}} Fast, Fun and Free Open Source {{HTML5}} Game Framework},
  url = {https://phaser.io/},
  urldate = {2025-03-05},
  file = {C:\Users\rulo\Zotero\storage\J6CHML8Y\phaser.io.html}
}

@book{politowskiSoftwareEngineeringProcesses2016,
  title = {Software {{Engineering Processes}} in {{Game Development}}: A {{Survey}} about {{Brazilian Developers}}' {{Experiences}}},
  author = {Politowski, Cristiano and Vargas, Daniel and Fontoura, Lisandra and Foletto, Antônio},
  date = {2016-09-08}
}

@book{pressmanIngenieriaSoftwareEnfoque2013,
  title = {Ingeniería del software: un enfoque práctico},
  shorttitle = {Ingeniería del software},
  namea = {Pressman, Roger S.},
  nameatype = {collaborator},
  date = {2013},
  edition = {Séptima edición},
  publisher = {McGraw-Hill Education},
  location = {México; Bogotá; Buenos Aires; Caracas; Guatemala; Madrid},
  isbn = {978-1-4562-1836-2},
  langid = {spanish},
  annotation = {OCLC: 1120568405}
}

@article{putrianasariProblemsAdoptionAgileScrum2024,
  title = {Problems in {{The Adoption}} of {{Agile-Scrum Software Development Process}} in {{Small Organization}}: {{A Systematic Literature Review}}},
  shorttitle = {Problems in {{The Adoption}} of {{Agile-Scrum Software Development Process}} in {{Small Organization}}},
  author = {Putrianasari, Rahmawati and Budiardjo, Eko Kuswardono and Mahatma, Kodrat and Raharjo, Teguh},
  date = {2024-01-08},
  journaltitle = {Sinkron},
  shortjournal = {SinkrOn},
  volume = {9},
  number = {1},
  pages = {495--504},
  issn = {2541-2019, 2541-044X},
  doi = {10.33395/sinkron.v9i1.13271},
  url = {https://jurnal.polgan.ac.id/index.php/sinkron/article/view/13271},
  urldate = {2025-01-07},
  abstract = {Agile methods are becoming increasingly popular in modern corporate strategies, which represents a paradigm change in project management techniques. The concept of pragmatic agility has become essential for enterprises to manage the complexities of ever-changing contexts. However, some organizations—especially small ones with limited resources—face unforeseen difficulties while implementing Agile-Scrum software development. In order to clarify the challenges small businesses, encounter throughout this adoption process, this study combines ideas from fifteen studies into a thorough and systematic analysis of the literature. The issues that have been discovered may be categorized into four primary areas: technology, people, process, and organization, and agile techniques. Organizations are able to anticipate obstacles by using a comprehensive understanding provided by the methodical examination and classification of situations. This proactive approach is essential to preventing unfavorable outcomes, as those seen in the past when implementation errors were made worse by culture problems, insufficient support from upper management, and waning consumer cooperation. This research provides small firms with a navigational aid by synthesizing lessons from the literature, enabling them to plan an Agile-Scrum adoption process that is more smoothly executed. Organizations may enhance their preparation, protect themselves from frequent traps, and ultimately maximize the transformative potential of Agile techniques in their developmental undertakings by adopting these insights.},
  file = {C:\Users\rulo\Zotero\storage\P7E7DJXM\Putrianasari et al. - 2024 - Problems in The Adoption of Agile-Scrum Software Development Process in Small Organization A System.pdf}
}

@inproceedings{ramadanGameDevelopmentLife2013,
  title = {Game Development Life Cycle Guidelines},
  booktitle = {2013 {{International Conference}} on {{Advanced Computer Science}} and {{Information Systems}} ({{ICACSIS}})},
  author = {Ramadan, Rido and Widyani, Yani},
  date = {2013-09},
  pages = {95--100},
  publisher = {IEEE},
  location = {Sanur Bali, Indonesia},
  doi = {10.1109/ICACSIS.2013.6761558},
  url = {http://ieeexplore.ieee.org/document/6761558/},
  urldate = {2025-03-24},
  eventtitle = {2013 {{International Conference}} on {{Advanced Computer Science}} and {{Information Systems}} ({{ICACSIS}})},
  isbn = {978-1-4799-4692-1}
}

@online{ResourcesScrumorg,
  title = {Resources | {{Scrum}}.Org},
  url = {https://www.scrum.org/resources},
  urldate = {2025-01-12},
  abstract = {The ultimate place to learn more about Scrum from the organization that created it. These resources include videos, papers, guides and much more.},
  langid = {english},
  file = {C:\Users\rulo\Zotero\storage\QRILQA7U\resources.html}
}

@book{revaleCincoAnosObservatorio2024,
  title = {Cinco Años Del {{Observatorio}} de La {{Industria Argentina}} de {{Videojuegos}} : Caracterización de La Industria Hacia Una Proyección Estratégica},
  author = {Revale, Hernán and Curbelo, Facundo and Ferrero, Bruno},
  date = {2024-03-21},
  eprint = {20.500.14399/169},
  eprinttype = {hdl},
  url = {https://hdl.handle.net/20.500.14399/169},
  isbn = {78-987-4920-32-4}
}

@online{RichardLemarchandcom,
  title = {{{RichardLemarchand}}.Com},
  url = {https://www.richardlemarchand.com/},
  urldate = {2025-06-25},
  langid = {american},
  file = {C:\Users\rulo\Zotero\storage\QJG8TA64\www.richardlemarchand.com.html}
}

@book{rogersLevelGuiaPara2024,
  title = {Level Up! Guía para Ser un Gran Diseñador de Videojuegos},
  author = {Rogers, Scott},
  date = {2024},
  series = {Diseño Web y Digital Series},
  edition = {1st ed},
  publisher = {PARRAMóN PAIDOTRIBO},
  location = {Badalona},
  isbn = {978-84-342-6285-0},
  langid = {spanish},
  pagetotal = {1}
}

@article{royceManagingDevelopmentLarge1970,
  title = {Managing the Development of Large Software Systems},
  author = {Royce, Winston},
  date = {1970},
  pages = {1--9}
}

@article{rupareliaSoftwareDevelopmentLifecycle2010,
  title = {Software Development Lifecycle Models},
  author = {Ruparelia, Nayan B.},
  date = {2010-05-11},
  journaltitle = {ACM SIGSOFT Software Engineering Notes},
  shortjournal = {SIGSOFT Softw. Eng. Notes},
  volume = {35},
  number = {3},
  pages = {8--13},
  issn = {0163-5948},
  doi = {10.1145/1764810.1764814},
  url = {https://dl.acm.org/doi/10.1145/1764810.1764814},
  urldate = {2025-02-09},
  abstract = {This history column article provides a tour of the main software development life cycle (SDLC) models. (A lifecycle covers all the stages of software from its inception with requirements definition through to fielding and maintenance.) System development lifecycle models have drawn heavily on software and so the two terms can be used interchangeably in terms of SDLC, especially since software development in this respect encompasses software systems development. Because the merits of selecting and using an SDLC vary according to the environment in which software is developed as well as its application, I discuss three broad categories for consideration when analyzing the relative merits of SDLC models. I consider the waterfall model before the other models because it has had a profound effect on software development, and has additionally influenced many SDLC models prevalent today. Thereafter, I consider some of the mainstream models and finish with a discussion of what the future could hold for SDLC models.},
  langid = {english}
}

@article{saarentausAgileScrumMethods2025,
  title = {Agile and {{Scrum Methods Used}} in the {{Finnish Game Industry}}},
  author = {Saarentaus, Tanja},
  date = {2025},
  pages = {44}
}

@misc{schwaberScrumGuide2020,
  title = {The {{Scrum Guide}}},
  author = {Schwaber, Ken and Sutherland, Jeff},
  date = {2020},
  url = {https://scrumguides.org/}
}

@online{ScubalightStudios,
  title = {Scubalight {{Studios}}},
  url = {https://www.scubalightstudios.com/},
  urldate = {2025-03-19},
  file = {C:\Users\rulo\Zotero\storage\YCKD94KM\www.scubalightstudios.com.html}
}

@book{shresthaGameDevelopmentLifecycle2023,
  title = {Game {{Development Lifecycle}}: {{Review}}},
  author = {Shrestha, Aashutosh},
  date = {2023-06-19}
}

@book{sommervilleIngenieriaSoftware9a2011,
  title = {Ingeniería de software (9a. ed.)},
  author = {Sommerville, Ian},
  date = {2011},
  publisher = {Pearson Educación},
  location = {Distrito Federal},
  url = {https://elibro.net/en/ereader/siduncu/37857},
  isbn = {978-607-32-0604-4},
  langid = {spanish},
  annotation = {OCLC: 966457682}
}

@article{sStudySoftwareDevelopment2017,
  title = {A {{Study}} of {{Software Development Life Cycle Process Models}}},
  author = {S, Shylesh},
  date = {2017},
  journaltitle = {SSRN Electronic Journal},
  shortjournal = {SSRN Journal},
  issn = {1556-5068},
  doi = {10.2139/ssrn.2988291},
  url = {http://www.ssrn.com/abstract=2988291},
  urldate = {2025-02-09},
  langid = {english}
}

@online{SteamStore,
  title = {Steam Store},
  url = {https://store.steampowered.com/},
  urldate = {2025-06-25},
  abstract = {Steam is the ultimate destination for playing, discussing, and creating games.},
  langid = {spanish},
  file = {C:\Users\rulo\Zotero\storage\6H57E6GN\store.steampowered.com.html}
}

@inreference{SuperMarioBros2025,
  title = {Super Mario Bros.},
  booktitle = {Wikipedia, la enciclopedia libre},
  date = {2025-05-24T06:52:19Z},
  url = {https://es.wikipedia.org/w/index.php?title=Super_Mario_Bros.&oldid=167576278},
  urldate = {2025-06-19},
  abstract = {Super Mario Bros.[b]\hspace{0pt} es un videojuego de plataformas de 1985 desarrollado y publicado por Nintendo para la Nintendo Entertainment System (NES). Es el sucesor del juego arcade de 1983 Mario Bros. y el primero de la serie Super Mario. Tras un lanzamiento de prueba para la NES en EE. UU., se adaptó a los salones recreativos internacionales en la consola Nintendo Vs. System a principios de 1986. La versión para NES salió a la venta en Norteamérica ese mismo año y en las regiones PAL en 1987. Los jugadores controlan a Mario, o a su hermano Luigi en el modo multijugador, para explorar el Reino Champiñón y rescatar a la Princesa Toadstool del Rey Koopa —más tarde llamado Bowser—. Atraviesan fases de desplazamiento lateral evitando peligros como enemigos y pozos con la ayuda de potenciadores como el Super Champiñón, la Flor de Fuego y la estrella. Fue diseñado por Shigeru Miyamoto y Takashi Tezuka como «una gran culminación» de los tres años que el equipo de Famicom dedicó a la mecánica y programación, basándose en sus experiencias de trabajo en Devil World y en los títulos de desplazamiento lateral Excitebike y Kung Fu para avanzar en su labor previo en «juegos atléticos» de plataformas como Donkey Kong y Mario Bros. El diseño del primer nivel, World 1-1, es un tutorial para la entrega de plataformas. Super Mario Bros. suele citarse como uno de los mejores videojuegos de todos los tiempos, y es especialmente admirado por la precisión de sus controles. Se ha reeditado en la mayoría de las consolas Nintendo y es uno de los más vendidos de todos los tiempos, con más de 58 millones de copias vendidas en todo el mundo. Se considera, junto con la NES, uno de los factores clave de la reactivación de la industria tras la crisis de 1983 y ayudó a popularizar el género de los juegos de plataformas de desplazamiento lateral. La banda sonora de Kōji Kondō es una de las primeras y más populares, ya que convirtió la música en una pieza central del diseño y, desde entonces, se considera una de las mejores pista de sonido de todos los tiempos. Mario pasó a ocupar un lugar destacado en la cultura popular, y Super Mario Bros. inició una franquicia multimedia que incluye una serie de títulos de larga duración, una serie de televisión animada, un largometraje de anime japonés, una cinta de acción real y otra de animación.},
  langid = {spanish},
  annotation = {Page Version ID: 167576278},
  file = {C:\Users\rulo\Zotero\storage\JUQ2UK9Y\Super_Mario_Bros..html}
}

@article{tettehEmpiricalStudyAgile2024,
  title = {Empirical {{Study}} of {{Agile Software Development Methodologies}}: {{A Comparative Analysis}}},
  shorttitle = {Empirical {{Study}} of {{Agile Software Development Methodologies}}},
  author = {Tetteh, Samuel Gbli},
  date = {2024-02-27},
  journaltitle = {Asian Journal of Research in Computer Science},
  shortjournal = {AJRCoS},
  volume = {17},
  number = {5},
  pages = {30--42},
  issn = {2581-8260},
  doi = {10.9734/ajrcos/2024/v17i5436},
  url = {https://journalajrcos.com/index.php/AJRCOS/article/view/436},
  urldate = {2025-03-01},
  abstract = {The comparative analysis of software development models, also called the Software Development Life Cycle (SDLC), is an everyday discourse among software engineers, reflecting the dynamic nature of the field. Within this realm, various software development methodologies, such as prototyping, spiral development, and Rapid Action Development, have been established and recognised for their unique approaches to software creation. In recent years, Agile methodologies have emerged as prominent contenders in software development, offering flexibility, adaptability, and efficiency in delivering high-quality software within designated timeframes. Among the array of Agile methodologies, including Dynamic System Development Method (DSDM), Scrum, Feature-Driven Development (FDD), Extreme Programming (XP), Kanban, Adaptive Software Development (ASD), Mendix, Lean, and Crystal, several have garnered significant attention in the software development community. Specifically, ASD, DSDM, XP, FDD, Kanban, and Scrum have emerged as prominent choices among Agile methods utilised by software developers. This study conducts a comprehensive examination and comparison of these six Agile software models, aiming to elucidate their functionalities, strengths, and weaknesses. The findings of this comparative analysis seek to provide valuable insights for software industries, enabling informed decision-making when selecting software development models for upcoming projects. By understanding each Agile methodology's nuanced differences and capabilities, software developers and industry stakeholders can align their project requirements with the most suitable software development approach, ultimately optimising project outcomes and software quality.},
  file = {C:\Users\rulo\Zotero\storage\WS8TQRBA\Tetteh - 2024 - Empirical Study of Agile Software Development Methodologies A Comparative Analysis.pdf}
}

@online{UnrealEngineAdvanced,
  title = {Unreal {{Engine}} Is an {{Advanced Training}} and {{Simulation Software Platform}}},
  url = {https://www.unrealengine.com/en-US/uses/simulation},
  urldate = {2025-03-05},
  abstract = {Create sophisticated simulations with Unreal Engine's powerful and precise rendering capabilities. Download today to get started.},
  langid = {american},
  organization = {Unreal Engine},
  file = {C:\Users\rulo\Zotero\storage\I32VDEPH\simulation.html}
}

@online{velaIndependentContractorsGame2023,
  title = {Independent {{Contractors}} in {{Game Dev- Why}} and {{How}} to {{Do}} It {{Right}}},
  author = {Vela, Jacob},
  date = {2023-11-02T19:26:24+00:00},
  url = {https://argolawyer.com/independent-contractors-in-game-dev-why-and-how-to-do-it-right/},
  urldate = {2025-03-18},
  abstract = {Independent Contractors in Game Dev are an important part of making a game. Whether you are a contractor or are working with one, it's important to do it right.},
  langid = {american},
  file = {C:\Users\rulo\Zotero\storage\CHKJNWVI\independent-contractors-in-game-dev-why-and-how-to-do-it-right.html}
}

@article{widjajaUtilizingGameDevelopment2024,
  title = {Utilizing {{Game Development Life Cycle Method}} to {{Develop}} an {{Educational Game}} for {{Basic Mathematics Using Unity 2D Game Engine}}},
  author = {Widjaja, Joshua Austin and Jefferson, Louis and Siahaan, Miguel Ferdinand Binsar and Chow, Andrew},
  date = {2024-06-30},
  journaltitle = {IJISIT: International Journal of Computer Science and Information Technology},
  shortjournal = {IJISIT: International Journal of Computer Science and Information Technology},
  volume = {1},
  number = {1},
  pages = {20--30},
  issn = {3063-4156, 3063-4172},
  doi = {10.55123/ijisit.v1i1.6},
  url = {https://ojs.literasisains.id/index.php/ijisit/article/view/6},
  urldate = {2025-03-24},
  abstract = {The rapid advancement of technology has profoundly impacted various aspects of human life, including education. While technology offers numerous advantages, such as fostering interactive and innovative learning experiences, the shift to online learning during the Covid-19 pandemic has highlighted some challenges, including a decline in students' motivation and engagement, exacerbated by distractions like video games. However, amidst these challenges, Digital Game-Based Learning (DGBL) has emerged as a promising approach to engage students and enhance learning outcomes. This research aims to develop a basic mathematical game using the Unity game engine to enrich children's learning experiences. The educational game seeks to support educators in fostering active engagement among children, specifically in fundamental mathematics. The game is developed utilizing the Game Development Life Cycle (GDLC) methodology.}
}

@online{WorldGooSteam,
  title = {World of Goo en Steam},
  url = {https://store.steampowered.com/app/22000/World_of_Goo/},
  urldate = {2025-06-23},
  abstract = {World of Goo es un galardonado juego de puzles / construcción basados en la física creado íntegramente por sólo dos tipos.},
  langid = {spanish}
}
